{
  "leader": "02404cam a22004331i 4500",
  "fields": [
    {
      "001": "ocm00575558\\"
    },
    {
      "003": "OCoLC"
    },
    {
      "005": "20220705114148.0"
    },
    {
      "008": "730309s1941\\\\\\\\nyucf\\\\\\\\b\\\\\\\\001\\0\\eng\\\\"
    },
    {
      "010": {
        "ind1": "\\",
        "ind2": "\\",
        "subfields": [
          {
            "a": "   41019558 "
          }
        ]
      }
    },
    {
      "040": {
        "ind1": "\\",
        "ind2": "\\",
        "subfields": [
          {
            "a": "DLC"
          },
          {
            "b": "eng"
          },
          {
            "c": "YNG"
          },
          {
            "d": "DLC"
          },
          {
            "d": "LVB"
          },
          {
            "d": "OCLCQ"
          },
          {
            "d": "OCLCG"
          },
          {
            "d": "UKMGB"
          },
          {
            "d": "GTA"
          },
          {
            "d": "GBVCP"
          },
          {
            "d": "OCLCO"
          },
          {
            "d": "OCLCQ"
          },
          {
            "d": "OCLCF"
          },
          {
            "d": "COF"
          },
          {
            "d": "XFF"
          },
          {
            "d": "NGA"
          },
          {
            "d": "GOC"
          },
          {
            "d": "CNUTO"
          },
          {
            "d": "D8D"
          },
          {
            "d": "CSF"
          },
          {
            "d": "MOR"
          },
          {
            "d": "IOL"
          },
          {
            "d": "MTH"
          },
          {
            "d": "PAU"
          },
          {
            "d": "PIFSG"
          },
          {
            "d": "NCJ"
          },
          {
            "d": "CTD"
          },
          {
            "d": "CTB"
          },
          {
            "d": "ICN"
          },
          {
            "d": "CSA"
          },
          {
            "d": "NLC"
          },
          {
            "d": "CSJ"
          },
          {
            "d": "FDS"
          },
          {
            "d": "TFW"
          },
          {
            "d": "OCLCQ"
          },
          {
            "d": "NZAUC"
          },
          {
            "d": "LSD"
          },
          {
            "d": "OCLCO"
          },
          {
            "d": "IOG"
          },
          {
            "d": "NJR"
          },
          {
            "d": "TYC"
          },
          {
            "d": "RCE"
          },
          {
            "d": "WY@"
          },
          {
            "d": "DOS"
          },
          {
            "d": "ZEM"
          },
          {
            "d": "MUX"
          },
          {
            "d": "X{dollar}@"
          },
          {
            "d": "TAW"
          },
          {
            "d": "BUF"
          },
          {
            "d": "MNS"
          },
          {
            "d": "GZN"
          },
          {
            "d": "OCLCQ"
          },
          {
            "d": "OCLCO"
          },
          {
            "d": "GZM"
          },
          {
            "d": "SEO"
          },
          {
            "d": "EZC"
          },
          {
            "d": "MNB"
          },
          {
            "d": "PVW"
          },
          {
            "d": "HCO"
          },
          {
            "d": "GILDS"
          },
          {
            "d": "MNI"
          },
          {
            "d": "MST"
          },
          {
            "d": "EYB"
          },
          {
            "d": "TKN"
          },
          {
            "d": "MUO"
          },
          {
            "d": "FQG"
          },
          {
            "d": "ERR"
          },
          {
            "d": "NAM"
          },
          {
            "d": "OL{dollar}"
          },
          {
            "d": "SNN"
          },
          {
            "d": "INT"
          },
          {
            "d": "JDP"
          },
          {
            "d": "URS"
          },
          {
            "d": "OCLCO"
          },
          {
            "d": "KNM"
          },
          {
            "d": "BGU"
          },
          {
            "d": "KOTUI"
          },
          {
            "d": "JG0"
          },
          {
            "d": "AU@"
          },
          {
            "d": "W5F"
          },
          {
            "d": "WYU"
          },
          {
            "d": "UWO"
          },
          {
            "d": "YOU"
          },
          {
            "d": "OCLCA"
          },
          {
            "d": "NZ1"
          },
          {
            "d": "CWI"
          },
          {
            "d": "GDC"
          },
          {
            "d": "OCLCQ"
          },
          {
            "d": "TJC"
          },
          {
            "d": "OCLCQ"
          },
          {
            "d": "SUTRO"
          },
          {
            "d": "OCLCO"
          },
          {
            "d": "OCLCQ"
          },
          {
            "d": "OCLCO"
          }
        ]
      }
    },
    {
      "016": {
        "ind1": "7",
        "ind2": "\\",
        "subfields": [
          {
            "a": "009581506"
          },
          {
            "2": "Uk"
          }
        ]
      }
    },
    {
      "016": {
        "ind1": "\\",
        "ind2": "\\",
        "subfields": [
          {
            "a": "(AMICUS)000004166759"
          }
        ]
      }
    },
    {
      "019": {
        "ind1": "\\",
        "ind2": "\\",
        "subfields": [
          {
            "a": "499724345"
          },
          {
            "a": "758358099"
          }
        ]
      }
    },
    {
      "035": {
        "ind1": "\\",
        "ind2": "\\",
        "subfields": [
          {
            "a": "(OCoLC)575558"
          },
          {
            "z": "(OCoLC)499724345"
          },
          {
            "z": "(OCoLC)758358099"
          }
        ]
      }
    },
    {
      "050": {
        "ind1": "0",
        "ind2": "0",
        "subfields": [
          {
            "a": "AS911.C3"
          },
          {
            "b": "L4"
          }
        ]
      }
    },
    {
      "055": {
        "ind1": "\\",
        "ind2": "1",
        "subfields": [
          {
            "a": "AS911.C3L4"
          }
        ]
      }
    },
    {
      "082": {
        "ind1": "0",
        "ind2": "4",
        "subfields": [
          {
            "a": "061"
          },
          {
            "b": "LES"
          }
        ]
      }
    },
    {
      "100": {
        "ind1": "1",
        "ind2": "\\",
        "subfields": [
          {
            "a": "Lester, Robert M."
          },
          {
            "q": "(Robert MacDonald),"
          },
          {
            "d": "1889-1969,"
          },
          {
            "e": "author."
          }
        ]
      }
    },
    {
      "245": {
        "ind1": "1",
        "ind2": "0",
        "subfields": [
          {
            "a": "Forty years of Carnegie giving :"
          },
          {
            "b": "a summary of the benefactions of Andrew Carnegie and of the work of the philanthropic trusts which he created /"
          },
          {
            "c": "by Robert M. Lester ..."
          }
        ]
      }
    },
    {
      "264": {
        "ind1": "\\",
        "ind2": "1",
        "subfields": [
          {
            "a": "New York :"
          },
          {
            "b": "Charles Scribner's Sons,"
          },
          {
            "c": "1941."
          }
        ]
      }
    },
    {
      "300": {
        "ind1": "\\",
        "ind2": "\\",
        "subfields": [
          {
            "a": "xi, 186, 2 unnumbered pages :"
          },
          {
            "b": "frontispiece (portrait) plates ;"
          },
          {
            "c": "24 cm"
          }
        ]
      }
    },
    {
      "336": {
        "ind1": "\\",
        "ind2": "\\",
        "subfields": [
          {
            "a": "text"
          },
          {
            "b": "txt"
          },
          {
            "2": "rdacontent"
          }
        ]
      }
    },
    {
      "337": {
        "ind1": "\\",
        "ind2": "\\",
        "subfields": [
          {
            "a": "unmediated"
          },
          {
            "b": "n"
          },
          {
            "2": "rdamedia"
          }
        ]
      }
    },
    {
      "338": {
        "ind1": "\\",
        "ind2": "\\",
        "subfields": [
          {
            "a": "volume"
          },
          {
            "b": "nc"
          },
          {
            "2": "rdacarrier"
          }
        ]
      }
    },
    {
      "500": {
        "ind1": "\\",
        "ind2": "\\",
        "subfields": [
          {
            "a": "Includes index."
          }
        ]
      }
    },
    {
      "504": {
        "ind1": "\\",
        "ind2": "\\",
        "subfields": [
          {
            "a": "\"This book and others about Carnegie giving\": page 3."
          }
        ]
      }
    },
    {
      "505": {
        "ind1": "0",
        "ind2": "\\",
        "subfields": [
          {
            "a": "Andrew Carnegie -- The Carnegie trusts -- Other agencies and enterprises connected with the Carnegie name -- Use of the Carnegie name with gifts and grants -- Instruments of gift and related documents."
          }
        ]
      }
    },
    {
      "530": {
        "ind1": "\\",
        "ind2": "\\",
        "subfields": [
          {
            "a": "Also issued online."
          }
        ]
      }
    },
    {
      "600": {
        "ind1": "1",
        "ind2": "0",
        "subfields": [
          {
            "a": "Carnegie, Andrew,"
          },
          {
            "d": "1835-1919."
          }
        ]
      }
    },
    {
      "650": {
        "ind1": "\\",
        "ind2": "0",
        "subfields": [
          {
            "a": "Endowments."
          }
        ]
      }
    },
    {
      "600": {
        "ind1": "1",
        "ind2": "2",
        "subfields": [
          {
            "a": "Carnegie, Andrew,"
          },
          {
            "d": "1835-1919"
          }
        ]
      }
    },
    {
      "650": {
        "ind1": "\\",
        "ind2": "2",
        "subfields": [
          {
            "a": "Foundations"
          }
        ]
      }
    },
    {
      "600": {
        "ind1": "1",
        "ind2": "7",
        "subfields": [
          {
            "a": "Carnegie, Andrew,"
          },
          {
            "d": "1835-1919."
          },
          {
            "2": "fast"
          },
          {
            "0": "(OCoLC)fst00010902"
          }
        ]
      }
    },
    {
      "650": {
        "ind1": "\\",
        "ind2": "7",
        "subfields": [
          {
            "a": "Endowments."
          },
          {
            "2": "fast"
          },
          {
            "0": "(OCoLC)fst00909854"
          }
        ]
      }
    },
    {
      "776": {
        "ind1": "0",
        "ind2": "8",
        "subfields": [
          {
            "i": "Online version:"
          },
          {
            "a": "Lester, Robert M. (Robert MacDonald), 1889-1969."
          },
          {
            "t": "Forty years of Carnegie giving."
          },
          {
            "d": "New York, C. Scribner's Sons, 1941"
          },
          {
            "w": "(OCoLC)599913970"
          }
        ]
      }
    },
    {
      "994": {
        "ind1": "\\",
        "ind2": "\\",
        "subfields": [
          {
            "a": "Z0"
          },
          {
            "b": "NYRVC"
          }
        ]
      }
    },
    {
      "948": {
        "ind1": "\\",
        "ind2": "\\",
        "subfields": [
          {
            "h": "NO HOLDINGS IN NYRVC - 669 OTHER HOLDINGS"
          }
        ]
      }
    },
    {
      "999": {
        "ind1": "\\",
        "ind2": "\\",
        "subfields": [
          {
            "a": "00000000013758"
          }
        ]
      }
    }
  ]
}